<?xml version="1.0" encoding="UTF-8"?><collection xmlns="http://www.loc.gov/MARC21/slim"><record><leader>00482nam--2200157-i-4500</leader><controlfield tag="001">000042342</controlfield><controlfield tag="002">20161230</controlfield><controlfield tag="005">20161230201043</controlfield><controlfield tag="008">060222s1000------------r-----000-0-eng-d</controlfield><datafield ind1=" " ind2=" " tag="080"><subfield code="a">530.1</subfield></datafield><datafield ind1=" " ind2=" " tag="100"><subfield code="a">Southwell,R.V</subfield></datafield><datafield ind1=" " ind2=" " tag="245"><subfield code="a">Relaxatiion methods in theoretical physics. a continuation of the treatise:relaxation methods in engineering science</subfield></datafield><datafield ind1=" " ind2=" " tag="260"><subfield code="a">Oxford,Clarendon Press, 1956</subfield></datafield><datafield ind1=" " ind2=" " tag="490"><subfield code="a">Oxford Science Series</subfield></datafield><datafield ind1=" " ind2=" " tag="852"><subfield code="a">482</subfield><subfield code="c">517.9</subfield></datafield><datafield ind1=" " ind2=" " tag="CAT"><subfield code="a">Sys</subfield><subfield code="c">20080922</subfield><subfield code="h">103307</subfield></datafield></record></collection>